@INPROCEEDINGS{8980572,
  author={Mikofski, Mark A. and Darawali, Renn and Hamer, Mike and Neubert, Anja and Newmiller, Jeff},
  booktitle={2019 IEEE 46th Photovoltaic Specialists Conference (PVSC)}, 
  title={Bifacial Performance Modeling in Large Arrays}, 
  year={2019},
  volume={},
  number={},
  pages={1282-1287},
  doi={10.1109/PVSC40753.2019.8980572}}
